<?xml version="1.0" encoding="UTF-8"?><collection xmlns="http://www.loc.gov/MARC21/slim"><record><leader>00561nam--2200193-u-4500</leader><controlfield tag="001">000050535</controlfield><controlfield tag="002">20161230</controlfield><controlfield tag="003">1290</controlfield><controlfield tag="005">20161230201048</controlfield><controlfield tag="008">070910s1000------------r-----000-0-eng-d</controlfield><datafield ind1=" " ind2=" " tag="040"><subfield code="a">IFIN-HH</subfield></datafield><datafield ind1=" " ind2=" " tag="041"><subfield code="a">rus</subfield></datafield><datafield ind1="1" ind2=" " tag="100"><subfield code="a">Faddeevoi,V.N.(red.)</subfield></datafield><datafield ind1="1" ind2="0" tag="245"><subfield code="a">Avtomaticheskoe Programmirovanie, Chislennye Metody i Funktsionalnyi Analiz</subfield></datafield><datafield ind1=" " ind2=" " tag="260"><subfield code="a">Leningrad</subfield><subfield code="b">Izdelstvo Nauka</subfield><subfield code="c">1968</subfield></datafield><datafield ind1=" " ind2=" " tag="300"><subfield code="a">263 p</subfield></datafield><datafield ind1=" " ind2=" " tag="490"><subfield code="a">Trudy Ordena Lenina Matematicheskogo Instituta Imeni V.A.Steklova</subfield><subfield code="v">Vol.XCVI</subfield></datafield><datafield ind1=" " ind2=" " tag="852"><subfield code="a">1290</subfield></datafield><datafield ind1=" " ind2=" " tag="CAT"><subfield code="a">Sys</subfield><subfield code="c">20070910</subfield><subfield code="h">135725</subfield></datafield></record></collection>